@book{Ackema2004,
address = {Oxford, UK},
author = {Ackema, Peter and Neeleman, Ad},
publisher = {Oxford University Press},
title = {{Beyond Morphology: Interface Conditions on Word Formation}},
year = {2004}
}

@Article{bayer1984,
  author	= {Bayer, Josef},
  file		= {:Users/Jonathan/Dropbox/Documents/Mendeley/Bayer/Bayer\_1984.pdf:pdf}
	,
  journal	= {The Linguistic Review},
  number	= {3},
  pages		= {209--274},
  title		= {{COMP in Bavarian syntax}},
  volume	= {3},
  year		= {1984}
}

@Article{labov1969,
  author	= {Labov, William},
  file		= {:Users/Jonathan/Dropbox/Documents/Mendeley/Labov/Labov\_1969.pdf:pdf}
	,
  journal	= {Language},
  number	= {4},
  pages		= {715--762},
  title		= {{Contraction, deletion, and inherent variability of the
	English copula}},
  url		= {http://www.jstor.org/stable/412333},
  volume	= {45},
  year		= {1969}
}

@Misc{arregi1998,
  author	= {Arregi, Karlos},
  booktitle	= {Ms., MIT},
  file		= {:Users/Jonathan/Dropbox/Documents/Mendeley/Arregi/Arregi\_1998.pdf:pdf}
	,
  number	= {May},
  pages		= {1--24},
  publisher	= {MIT},
  title		= {{Spanish el que Relative Clauses and the Doubly Filled
	COMP Filter}},
  year		= {1998}
}

@InCollection{jakobson1936,
  address	= {Chicago},
  author	= {Jakobson, Roman},
  booktitle	= {Readings in Linguistics II},
  editor	= {Hamp, Eric P. and Householder, Fred W. and Austerlitz,
	Robert},
  pages		= {51--95},
  publisher	= {University of Chicago Press},
  title		= {{Beitrag zur Allgemeinen Kasuslehre}},
  year		= {1936}
}

@Article{cedergren1974,
  author	= {Cedergren, Henrietta J. and Sankoff, David},
  file		= {:Users/Jonathan/Dropbox/Documents/Mendeley/Cedergren,
	Sankoff/Cedergren, Sankoff\_1974.pdf:pdf},
  journal	= {Language},
  number	= {2},
  pages		= {333--355},
  title		= {{Variable rules: Performance as a statistical reflection
	of competence}},
  url		= {http://www.jstor.org/stable/10.2307/412441},
  volume	= {50},
  year		= {1974}
}

@InCollection{chomsky2001,
  address	= {Cambridge, MA},
  author	= {Chomsky, Noam},
  booktitle	= {Ken Hale: A Life in Language},
  editor	= {Kenstowicz, Michael},
  pages		= {1--52},
  publisher	= {MIT Press},
  title		= {{Derivation by phase}},
  year		= {2001}
}

@PhDThesis{mcfadden2004,
  author	= {McFadden, Thomas},
  file		= {:Users/Jonathan/Dropbox/Documents/Mendeley/McFadden/McFadden\_2004.pdf:pdf}
	,
  pages		= {1--379},
  school	= {University of Pennsylvania},
  title		= {{The position of morphological case in the derivation: A
	study on the syntax-morphology interface}},
  type		= {Doctoral Dissertation},
  year		= {2004}
}

@Article{nevins2010,
  author	= {Nevins, Andrew and Parrott, Jeffrey K.},
  doi		= {10.1016/j.lingua.2008.05.008},
  file		= {:Users/Jonathan/Dropbox/Documents/Mendeley/Nevins,
	Parrott/Nevins, Parrott\_2010.pdf:pdf},
  issn		= {00243841},
  journal	= {Lingua},
  keywords	= {1,1969,1974,1991,among many others,and structure,as a
	specific and,cedergren and sankoff,distributed
	morphology,e,from variationist
	sociolinguistics,g,guy,impoverishment,in this
	paper,introduction,labov,markedness,morphosyntax,restricted
	mechanism within the,scope,syncretism,the notion
	of,variable rules,variation,we attempt to revive},
  month		= may,
  number	= {5},
  pages		= {1135--1159},
  publisher	= {Elsevier B.V.},
  title		= {{Variable rules meet Impoverishment theory: Patterns of
	agreement leveling in English varieties}},
  url		= {http://linkinghub.elsevier.com/retrieve/pii/S0024384109001119}
	,
  volume	= {120},
  year		= {2010}
}

@Article{embick2003,
  author	= {Embick, David},
  file		= {:Users/Jonathan/Dropbox/Documents/Mendeley/Embick/Embick\_2003.pdf:pdf}
	,
  journal	= {Studia Linguistica},
  number	= {3},
  pages		= {143--169},
  title		= {{Locality, listedness, and morphological identity}},
  volume	= {57},
  year		= {2003}
}

@Article{arregi2006,
  author	= {Arregi, Karlos and Nevins, Andrew},
  file		= {:Users/Jonathan/Dropbox/Documents/Mendeley/Arregi,
	Nevins/Arregi, Nevins\_2006.pdf:pdf},
  journal	= {U. Penn Working Papers in Linguistics},
  number	= {1},
  pages		= {1--16},
  title		= {{Obliteration vs . Impoverishment in the Basque g- / z-
	Constraint}},
  volume	= {10},
  year		= {2006}
}

@Book{vikner1995,
  address	= {New York, NY},
  author	= {Vikner, Sten},
  isbn		= {0195083946},
  publisher	= {Oxford University Press},
  title		= {{Verb movement and expletive subjects in the Germanic
	languages}},
  year		= {1995}
}

@Book{chomsky1981,
  address	= {Dordrecht, The Netherlands},
  author	= {Chomsky, Noam},
  publisher	= {Foris Publications},
  title		= {{Lectures on Government and Binding}},
  year		= {1981}
}

@Article{adger2010,
  author	= {Adger, David and Smith, Jennifer},
  doi		= {10.1016/j.lingua.2008.05.007},
  file		= {:Users/Jonathan/Dropbox/Documents/Mendeley/Adger,
	Smith/Adger, Smith\_2010.pdf:pdf},
  issn		= {00243841},
  journal	= {Lingua},
  keywords	= {agreement,buckie,features,underspecification,variation},
  month		= may,
  number	= {5},
  pages		= {1109--1134},
  publisher	= {Elsevier B.V.},
  title		= {{Variation in agreement: A lexical feature-based
	approach}},
  url		= {http://linkinghub.elsevier.com/retrieve/pii/S0024384109001107}
	,
  volume	= {120},
  year		= {2010}
}

@InCollection{chomsky1998,
  address	= {Cambridge, MA},
  author	= {Chomsky, Noam},
  booktitle	= {Step by Step: Essays on Minimalist Syntax in Honor of
	Howard Lasnik},
  editor	= {Martin, Roger and Michaels, David and Uriagereka, Juan},
  pages		= {89--155},
  publisher	= {MIT Press},
  title		= {{Minimalist inquiries: The framework}},
  year		= {1998}
}

@InCollection{embicknoyer2007,
  address	= {Oxford, UK},
  author	= {Embick, David and Noyer, Rolf},
  booktitle	= {The Oxford handbook of linguistic interfaces},
  editor	= {Ramchand, G. and Reiss, C.},
  file		= {:Users/Jonathan/Dropbox/Documents/Mendeley/Embick,
	Noyer/Embick, Noyer\_2007.pdf:pdf},
  pages		= {289--324},
  publisher	= {Oxford University Press},
  title		= {{Distributed morphology and the syntax/morphology
	interface}},
  year		= {2007}
}

@InCollection{wiesinger1989,
  address	= {Stanford, CA},
  author	= {Wiesinger, Peter},
  booktitle	= {The Dialects of Modern German},
  editor	= {Russ, Charles V.J.},
  isbn		= {0804715475},
  pages		= {438--519},
  publisher	= {Stanford University Press},
  title		= {{The Central and Southern Bavarian Dialects in Bavaria and
	Austria}},
  year		= {1989}
}

@Book{chomsky1968,
  address	= {New York},
  author	= {Chomsky, Noam and Halle, Morris},
  publisher	= {Harper \& Row},
  title		= {{The Sound Pattern of English}},
  year		= {1968}
}

@Article{harleynoyer1999,
  author	= {Harley, Heidi and Noyer, Rolf},
  file		= {:Users/Jonathan/Dropbox/Documents/Mendeley/Harley,
	Noyer/Harley, Noyer\_1999.pdf:pdf},
  journal	= {Glot International},
  number	= {4},
  pages		= {3--9},
  title		= {{Distributed morphology}},
  volume	= {4},
  year		= {1999}
}

@Article{adger2006,
  author	= {Adger, David},
  doi		= {10.1017/S002222670600418X},
  file		= {:Users/Jonathan/Dropbox/Documents/Mendeley/Adger/Adger\_2006.pdf:pdf}
	,
  issn		= {0022-2267},
  journal	= {Journal of Linguistics},
  month		= oct,
  number	= {03},
  pages		= {503--530},
  title		= {{Combinatorial Variability}},
  volume	= {42},
  year		= {2006}
}

@InCollection{bierwisch1967b,
  address	= {The Hague},
  author	= {Bierwisch, Manfred},
  booktitle	= {To Honour Roman Jakobson},
  file		= {:Users/Jonathan/Dropbox/Documents/Mendeley/Bierwisch/Bierwisch\_1967(2).pdf:pdf}
	,
  pages		= {239--270},
  publisher	= {De Gruyter Mouton},
  title		= {{Syntactic features in morphology: General problems of
	so-called pronominal inflection in German}},
  year		= {1967}
}

@InCollection{halle1997,
  address	= {Cambridge, MA},
  author	= {Halle, Morris},
  booktitle	= {MIT Working Papers in Linguistics 30: Papers at the
	Interface},
  editor	= {Bruening, Benjamin and Kang, Yoonjung and McGinnis,
	Martha},
  organization	= {Massachussetts Institute of Technology},
  pages		= {425--449},
  title		= {{Distributed morphology: Impoverishment and fission}},
  year		= {1997},
  publisher = {MIT Working Papers in Linguistics}
}

@PhDThesis{thiersch1978,
  address	= {Cambridge, MA},
  author	= {Thiersch, Craig L.},
  file		= {:Users/Jonathan/Dropbox/Documents/Mendeley/Thiersch/Thiersch\_1978.pdf:pdf}
	,
  publisher	= {Masschussetts Institute of Technology},
  school	= {Massachussetts Institute of Technology},
  title		= {{Topics in German syntax}},
  type		= {PhD Dissertation},
  url		= {http://dspace.mit.edu/handle/1721.1/16327},
  year		= {1978}
}

@Book{zehetner1977,
  address	= {D\"{u}sseldorf},
  author	= {Zehetner, Ludwig},
  publisher	= {P\"{a}dagogischer Verlag Schwann},
  title		= {{Bairisch}},
  year		= {1977}
}

@Book{rizzi1990,
  address	= {Cambridge, MA},
  author	= {Rizzi, Luigi},
  isbn		= {0262680610},
  publisher	= {MIT Press},
  title		= {{Relativized minimality}},
  year		= {1990}
}

@InProceedings{mcfadden2007,
  author	= {McFadden, Thomas},
  booktitle	= {Penn Working Papers in Linguistics 13.1: Proceedings of
	the 30th Annual Penn Linguistics Colloquium},
  pages		= {225--238},
  title		= {{Default case and the status of compound categories in
	Distributed Morphology}},
  year		= {2007}
}

@InCollection{zehetner1978,
  address	= {Weinheim},
  author	= {Zehetner, Ludwig},
  booktitle	= {Grundlagen einer dialektorientierten Sprachdidaktik:
	theoretische und empirische Beitr\"{a}ge zu einem
	vernachl\"{a}ssigten Schulproblem},
  editor	= {Ammon, Ulrich},
  file		= {:Users/Jonathan/Dropbox/Documents/Mendeley/Zehetner/Zehetner\_1978.pdf:pdf}
	,
  isbn		= {3-407-51135-3},
  pages		= {313--331},
  publisher	= {Beltz},
  title		= {{Kontrastive Morphologie: Bairisch/Einheitssprache}},
  year		= {1978}
}

@Book{noyer1997,
  address	= {New York},
  author	= {Noyer, Rolf},
  publisher	= {Garland},
  title		= {{Features, Positions and Affixes in Autonomous
	Morphological Structure}},
  year		= {1997}
}

@Article{chomsky1977,
  author	= {Chomsky, Noam and Lasnik, Howard},
  file		= {:Users/Jonathan/Dropbox/Documents/Mendeley/Chomsky,
	Lasnik/Chomsky, Lasnik\_1977.pdf:pdf},
  journal	= {Linguistic Inquiry},
  number	= {3},
  pages		= {425--504},
  title		= {{Filters and Control}},
  volume	= {8},
  year		= {1977}
}

@InProceedings{mcfadden2007,
  author	= {McFadden, Thomas},
  booktitle	= {Penn Working Papers in Linguistics 13.1: Proceedings of
	the 30th Annual Penn Linguistics Colloquium},
  file		= {:Users/Jonathan/Dropbox/Documents/Mendeley/McFadden/McFadden\_2007.pdf:pdf}
	,
  pages		= {225--238},
  title		= {{Default case and the status of compound categories in
	Distributed Morphology}},
  year		= {2007}
}

@Article{brandner2013,
  author	= {Brandner, Ellen and Br\"{a}uning, Iris},
  file		= {:Users/Jonathan/Dropbox/Documents/Mendeley/Brandner,
	Br\"{a}uning/Brandner, Br\"{a}uning\_2013.pdf:pdf},
  journal	= {Linguistische Berichte},
  number	= {234},
  pages		= {131--170},
  title		= {{Relative wo in Alemannic: only a complementizer?}},
  url		= {http://www.ingentaconnect.com/content/buske/lingber/2013/00002013/00000234/art00001}
	,
  year		= {2013}
}

@Book{zehetner1985,
  address	= {Munich},
  author	= {Zehetner, Ludwig},
  publisher	= {Verlag C.H. Beck},
  title		= {{Das bairische Dialektbuch}},
  year		= {1985}
}

@Misc{halle1997a,
  author	= {Halle, Morris and Vaux, Bert},
  file		= {:Users/Jonathan/Dropbox/Documents/Mendeley/Halle,
	Vaux/Halle, Vaux\_1997.pdf:pdf},
  title		= {{Theoretical aspects of Indo-European nominal morphology:
	the nominal declension of Latin and Armenian}},
  url		= {http://www.fas.harvard.edu/~lingpub/misc/bert/theore~1.pdf}
	,
  year		= {1997}
}

@Book{zehetner1998,
  address	= {Munich},
  author	= {Zehetner, Ludwig},
  edition	= {2},
  isbn		= {3880349835},
  publisher	= {Hugendubel},
  title		= {{Bairisches Deutsch: Lexikon der deutschen Sprache in
	Altbayern}},
  year		= {1998}
}

@Book{haegeman1992,
  author	= {Haegeman, Liliane M V},
  isbn		= {0521370051},
  publisher	= {Cambridge University Press},
  title		= {{Theory and description in generative syntax: A case study
	in West Flemish}},
  year		= {1992}
}

@InCollection{haider1986,
  address	= {Dordrecht, The Netherlands},
  author	= {Haider, Hubert},
  booktitle	= {Verb second phenomena in Germanic languages},
  editor	= {Haider, Hubert and Prinzhorn, Martin},
  isbn		= {0195083946},
  pages		= {49--75},
  publisher	= {Foris Publications},
  title		= {{V-Second in German}},
  year		= {1986}
}

@InCollection{hallemarantz1993,
  address	= {Cambridge, MA},
  author	= {Halle, Morris and Marantz, Alec},
  booktitle	= {The View from Building 20},
  editor	= {Hale, Ken and Keyser, Samuel Jay},
  file		= {:Users/Jonathan/Dropbox/Documents/Mendeley/Halle,
	Marantz/Halle, Marantz\_1993.pdf:pdf},
  pages		= {111--176},
  publisher	= {MIT Press},
  title		= {{Distributed Morphology and the Pieces of Inflection}},
  year		= {1993}
}
